<?xml version="1.0" encoding="UTF-8"?><collection xmlns="http://www.loc.gov/MARC21/slim"><record><leader>00410nam--2200145-i-4500</leader><controlfield tag="001">000039572</controlfield><controlfield tag="002">20161230</controlfield><controlfield tag="005">20170126235854</controlfield><controlfield tag="008">060222s1000------------r-----000-0-eng-d</controlfield><datafield ind1=" " ind2=" " tag="100"><subfield code="a">Rose, Georg</subfield></datafield><datafield ind1=" " ind2=" " tag="245"><subfield code="a">Fundamente deer elektronik. Einzelteile-bausteine-schaltungen</subfield></datafield><datafield ind1=" " ind2=" " tag="260"><subfield code="a">Berlin</subfield><subfield code="b">Verlag Fur Radio-foto-kinotechnik</subfield><subfield code="c">1959</subfield></datafield><datafield ind1=" " ind2=" " tag="300"><subfield code="a">223 p., 431 fig</subfield></datafield><datafield ind1=" " ind2=" " tag="852"><subfield code="a">6810</subfield></datafield><datafield ind1=" " ind2=" " tag="CAT"><subfield code="a">SYS</subfield><subfield code="c">20170126</subfield><subfield code="h">235854</subfield></datafield></record></collection>